<record><leader>00000cas a22000007a 4500</leader><controlfield tag="001">19770484</controlfield><controlfield tag="008">890526d19521984couwr ne      0    0eng d</controlfield><datafield ind1=" " ind2=" " tag="010"><subfield code="a">sn 89052170 </subfield></datafield><datafield ind1=" " ind2=" " tag="040"><subfield code="a">CNQ</subfield><subfield code="b">eng</subfield><subfield code="c">CNQ</subfield><subfield code="d">OCLCQ</subfield></datafield><datafield ind1=" " ind2=" " tag="042"><subfield code="a">msc</subfield></datafield><datafield ind1="0" ind2="0" tag="245"><subfield code="a">Cripple Creek gold rush.</subfield></datafield><datafield ind1="1" ind2="3" tag="246"><subfield code="a">Gold rush</subfield></datafield><datafield ind1=" " ind2=" " tag="260"><subfield code="a">Cripple Creek, Colo. :</subfield><subfield code="b">Gold Rush Co.</subfield></datafield><datafield ind1=" " ind2=" " tag="300"><subfield code="a">v.</subfield></datafield><datafield ind1=" " ind2=" " tag="310"><subfield code="a">Weekly</subfield></datafield><datafield ind1="0" ind2=" " tag="362"><subfield code="a">Vol. 60, no. 1 (Jan. 4, 1952)-v. 92, no. 45 (Nov. 16, 1984).</subfield></datafield><datafield ind1=" " ind2=" " tag="530"><subfield code="a">Available on microfilm from the Colorado Historical Society.</subfield></datafield><datafield ind1=" " ind2=" " tag="752"><subfield code="a">United States</subfield><subfield code="b">Colorado</subfield><subfield code="c">Teller</subfield><subfield code="d">Cripple Creek.</subfield></datafield><datafield ind1="0" ind2="0" tag="780"><subfield code="t">Cripple Creek times-Victor record</subfield><subfield code="w">(DLC)sn 89052169</subfield></datafield><datafield ind1="0" ind2="0" tag="785"><subfield code="t">Cripple Creek gold rush's Teller County times</subfield><subfield code="w">(DLC)sn8905021731</subfield></datafield></record>